@online{qt,
title={Cross-platform software development for embedded &amp; desktop},
url={https://www.qt.io/},
author={Company, The Qt},
date={2020},
urldate={2021-04-26},
} 
@online{python,
title={Welcome to Python.org},
url={https://www.python.org/},
author={Python Software Foundation},
date={2021},
urldate={2021-04-26},
} 
@online{rust,
title={Rust Programming Language},
url={https://www.rust-lang.org/},
author={Rust Team},
date={2021-04-23},
urldate={2021-04-30},
}
@online{openalsoft,
title={OpenAL Soft - Software 3D Audio},
url={https://openal-soft.org/},
author={Robinson, Chris},
date={2021},
urldate={2021-04-30},
}
@online{sqlite,
title={SQLite Home Page},
url={https://www.sqlite.org/index.html},
author={SQLite Developers},
date={2021},
urldate={2021-04-30},
}
@online{spatialite,
title={SpatiaLite},
url={https://www.gaia-gis.it/fossil/libspatialite/index},
author={Gaia GIS},
date={2021},
urldate={2021-04-30},
}
@online{rabbitmq,
title={Messaging that just works - RabbitMQ},
url={https://www.rabbitmq.com/},
author={VmWare},
date={2021},
urldate={2021-04-30},
}
@online{zstd,
title={Zstandard - Real-time data compression algorithm},
url={https://facebook.github.io/zstd/},
author={Facebook Inc.},
date={2021},
urldate={2021-04-30},
}
@online{pyo3,
title={pyo3/pyo3 - Rust bindings for the Python interpreter},
url={https://github.com/PyO3/pyo3},
author={The PyO3 Team},
date={2021-04-30},
urldate={2021-04-30},
}
@online{wx,
title={wxWidgets: Cross-Platform GUI Library},
url={https://www.wxwidgets.org/},
author={wxWidgets},
date={2021},
urldate={2021-04-30},
}
@online{sqlalchemy,
title={SQLAlchemy - The Database Toolkit for Python},
url={https://www.sqlalchemy.org/},
author={Bayer, Michael},
date={2021},
urldate={2021-04-30},
}
@online{fmod,
title={FMOD},
url={https://fmod.com/},
author={Firelight Technologies Pty Ltd},
date={2021},
urldate={2021-04-30},
}
@article{mapycz,
author    = {Petr Cervenka and Karel Brinda and Michaela Hanouskov{\'{a}} and Petr Hofman and Radek Seifert},
  title     = {Blind Friendly Maps: Tactile Maps for the Blind as a Part of the Public Map Portal (Mapy.cz)},
  journal   = {CoRR},
  volume    = {abs/1603.09520},
  year      = {2016},
  url       = {http://arxiv.org/abs/1603.09520},
  archivePrefix = {arXiv},
  eprint    = {1603.09520},
  timestamp = {Mon, 13 Aug 2018 16:48:18 +0200},
  biburl    = {https://dblp.org/rec/journals/corr/CervenkaBHHS16.bib},
  bibsource = {dblp computer science bibliography, https://dblp.org}
}
@online {applemaps,
title={Maps - Apple},
author={Apple Inc.},
url={https://www.apple.com/maps/},
date={2021},
urldate={2021-05-01},
}
@online {googlemaps,
title={Google Maps},
author={Google Inc.},
url={https://www.google.cz/maps},
date={2021},
urldate={2021-05-01},
}
@online {lazarillo,
title={Home - Lazarillo App for Blind and visually impaired people},
url={https://lazarillo.app/},
author={Lazarillo},
date={2021},
urldate={2021-05-01},
}
@online {whereami,
title={Where Am I? - Apps on Google Play},
url={https://play.google.com/store/apps/details?id=com.smartmobsolutions.android.whereami},
author={SmartMobSolutions},
date={2020},
urldate={2021-05-01},
}
@online {naviterier,
title={Naviterier - Navigation applications and services},
url={https://naviterier.cz/en/index.php},
author={Naviterier},
date={2017},
urldate={2021-05-01},
}
@online {osmand,
title={OsmAnd - Offline Mobile Maps and Navigation},
url={https://osmand.net/},
author={OsmAnd},
date={2021-05-01},
urldate={2021-05-01},
}
@online {dotwalker,
title={DotWalker},
url={http://95.129.96.67/dw/dotwalker_en.html},
author={DotWalker},
date={2018-11-26},
urldate={2021-05-01},
}
@online {righthear,
title={App for Visually Impaired & Blind People - Right Hear},
url={https://www.right-hear.com/},
author={RightHear},
date={2021},
urldate={2021-05-01},
}
@online {ariadnegps,
title={Ariadne GPS â€“ Mobility and map exploration for all},
url={https://www.ariadnegps.eu/en/un-app-innovativa-per-la-mobilitaan-innovative-app-for-your-mobility-english/},
author={Ariadne GPS},
date={2021},
urldate={2021-05-01},
}
@online {blindsquare,
title={BlindSquare},
url={https://www.blindsquare.com/},
author={BlindSquare},
date={2021},
urldate={2021-05-01},
}
@online {mapcomp,
title={Apple Maps versus Google Maps - which is the best for your iPhone},
url={https://appleinsider.com/articles/20/02/16/apple-maps-vs-google-maps---smartphone-mapping-titans-battle-it-out-in-2020},
author={Wesley Hilliard},
date={2020-02-16},
urldate={2021-05-04},
}
@online {route4all,
title={Smart navigation around cities (not only) for the disabled | ROUTE4ALL},
url={http://www.route4all.eu/en/},
date={2020},
urldate={2021-05-05},
}
@online {ptg,
url={http://fenzik.cz/ptg/},
author={Jiri Fenz},
date={2020-05-18},
urldate={2021-05-05},
}